@misc{idp, 
   title={Identity provider}, 
   url={https://en.wikipedia.org/wiki/Identity_provider}, 
   journal={Wikipedia},
   note = {Disponível em: \url{https://en.wikipedia.org/wiki/Identity_provider} [Acedido em 03-06-2021]} 
}

@misc{hmac, 
   title={HMAC}, 
   url={https://en.wikipedia.org/wiki/HMAC}, 
   journal={Wikipedia},
   note = {Disponível em: \url{https://en.wikipedia.org/wiki/HMAC} [Acedido em 04-06-2021]} 
}

@misc{mac, 
   title={Message authentication code}, 
   url={https://en.wikipedia.org/wiki/Message_authentication_code}, 
   journal={Wikipedia},
   note = {Disponível em: \url{https://en.wikipedia.org/wiki/Message_authentication_code} [Acedido em 04-06-2021]} 
}


@misc{SAML, 
   title={Security Assertion Markup Language}, 
   url={https://en.wikipedia.org/wiki/Security_Assertion_Markup_Language}, 
   journal={Wikipedia},
   note = {Disponível em: \url{https://en.wikipedia.org/wiki/Security_Assertion_Markup_Language} [Acedido em 04-06-2021]} 
}


@misc{SIV, 
   title={Synthetic Initialization Vector (SIV) Authenticated Encryption Using the Advanced Encryption Standard (AES)}, 
   url={https://datatracker.ietf.org/doc/html/rfc5297}, 
   journal={Data Tracker},
   note = {Disponível em: \url{https://datatracker.ietf.org/doc/html/rfc5297} [Acedido em 04-06-2021]} 
}
